% This file was created with JabRef 2.3.1.
% Encoding: ISO8859_1

@ARTICLE{Van2010,
  author = {Van den Bossche, Ruben},
  title = {Process Models in Software Engineering},
  journal = {Journal of Examples},
  year = {2001},
  volume = {1},
  pages = {1-5},
  owner = {rvdbossc},
  timestamp = {2010.04.20}
}

@ARTICLE{ProcessModels,
  author = {Walt Scacchi},
  title = {Process Models in Software Engineering},
  journal = {Encyclopedia of Software Engineering},
  year = {2001},
  owner = {philipds},
  timestamp = {2012.02.18}
}

@ARTICLE{SoftwareDesign,
  author = {J. Reeves},
  title = {What is Software Design?},
  howpublished = "\url{http://c2.com/cgi/wiki?WhatIsSoftwareDesign}",
  owner = {philipds},
  timestamp = {2012.02.18}
}

@ARTICLE{UnitTesting,
  author = {M. Kolling},
  title = {Unit Testing in BlueJ},
  howpublished = "\url{http://www.bluej.org/tutorial/testing-tutorial.pdf}",
  owner = {philipds},
  timestamp = {2012.02.18}
}

@ARTICLE{IntegrationTesting,
  author = {Wikipedia},
  title = {Integration testing},
  howpublished = "\url{http://en.wikipedia.org/wiki/Integration_testing}",
  owner = {philipds},
  timestamp = {2012.02.18}
}

@ARTICLE{RegressionTesting,
  author = {Microsoft Developer Network},
  title = {Regression Testing},
  howpublished = "\url{http://msdn.microsoft.com/en-us/library/aa292167(v=vs.71).aspx}",
  owner = {philipds},
  timestamp = {2012.02.18}
}

@ARTICLE{CAMPaM,
  author = {P. Mosterman and H. Vangheluwe},
  title = {Computer Automated Multi-Paradigm Modeling: An Introduction},
  year = {2004},
  owner = {philipds},
  timestamp = {2012.02.18}
}

@ARTICLE{AccidentalComplexity,
  author = {C. Atkinson and T. K\"uhne},
  title = {Reducing accidental complexity in domain models},
  year = {2007},
  owner = {philipds},
  timestamp = {2012.02.18}
}

@ARTICLE{RearchitectingUML,
  author = {C. Atkinson and T. K\"uhne},
  title = {Rearchitecting the UML infrastructure},
  year = {2002},
  owner = {philipds},
  timestamp = {2012.02.18}
}

@ARTICLE{LiberateProgramming,
  author = {Kuhne T. and Schreiber D.},
  title = {Can Programming be Liberated from the Two-Level style? Multi-Level Programming with DeepJava.},
  year = {2007},
  owner = {philipds},
  timestamp = {2012.02.18}
}

@ARTICLE{MetaDepth,
  author = {de Lara J. and Guerra E.},
  title = {Deep Meta-Modeling with MetaDepth},
  year = {2010},
  owner = {philipds},
  timestamp = {2012.02.18}
}

@ARTICLE{GenericMetaDepth,
  author = {de Lara J. and Guerra E.},
  title = {Generic Meta-modeling with Concepts, Templates and Mixin Layers.},
  year = {2010},
  owner = {philipds},
  timestamp = {2012.02.18}
}

@ARTICLE{ANTLR,
  author = {Parr T.},
  title = {ANTLR},
  howpublished = "\url{http://www.antlr.org}",
  year = {2010},
  owner = {philipds},
  timestamp = {2012.02.18}
}

@ARTICLE{EclipseEOL,
  author = {Eclipse Development Team},
  title = {Eclipse EOL},
  howpublished = "\url{http://www.eclipse.org/gmt/epsilon/doc/eol/}",
  year = {2012},
  owner = {philipds},
  timestamp = {2012.02.18}
}

@ARTICLE{EclipseEMF,
  author = {Eclipse Development Team},
  title = {Eclipse Modeling Framework},
  howpublished = "\url{http://www.eclipse.org/modeling/emf/}",
  year = {2012},
  owner = {philipds},
  timestamp = {2012.02.18}
}

@ARTICLE{EclipseETL,
  author = {Eclipse Development Team},
  title = {Eclipse Transformation Language},
  howpublished = "\url{http://www.eclipse.org/gmt/epsilon/doc/etl/}",
  year = {2012},
  owner = {philipds},
  timestamp = {2012.02.18}
}

@ARTICLE{MultiLevelLangEng,
  author = {Atkinson C., Gutheil M and Kennel B.},
  title = {A flexible infrastructure for multilevel language engineering},
  journal = {IEEE Trans. Soft. Eng.},
  year = {2009},
  volume = {35 (6)},
  pages = {742-755},
  owner = {philipds},
  timestamp = {2012.02.18}
}

@ARTICLE{WhatAndroid,
  author = {Android Development Team},
  title = {What is Android?},
  howpublished = "\url{http://developer.android.com/guide/basics/what-is-android.html}",
  owner = {philipds},
  timestamp = {2012.02.28}
}

@ARTICLE{ContentProviders,
  author = {Android Development Team},
  title = {Content Providers},
  howpublished = "\url{http://developer.android.com/guide/topics/providers/content-providers.html}",
  owner = {philipds},
  timestamp = {2012.02.28}
}

@ARTICLE{AppResources,
  author = {Android Development Team},
  title = {Application Resources},
  howpublished = "\url{http://developer.android.com/guide/topics/resources/index.html}",
  owner = {philipds},
  timestamp = {2012.02.28}
}

@ARTICLE{NotificationManager,
  author = {Android Development Team},
  title = {Notification Manager},
  howpublished = "\url{http://developer.android.com/reference/android/app/NotificationManager.html}",
  owner = {philipds},
  timestamp = {2012.02.28}
}

@ARTICLE{StudyCSCW,
  author = {Bowers, J. and S. Benford},
  title = {Studies in Computer-Supported Cooperative Work: Theory, Practice and Design},
  journal = {Elsevier Science; Amsterdam},
  year={1991},
  owner = {philipds},
  timestamp = {2012.03.03}
}

@ARTICLE{CSCWReadings,
  author = {Greif, I.},
  title = {Computer-supported cooperative work: A book of readings},
  journal = {Morgan Kaufman, Los Altos},
  year={1988},
  owner = {philipds},
  timestamp = {2012.03.03}
}

@ARTICLE{CSCWIntro,
  author = {Wilson, P.},
  title = {Computer-supported cooperative work: An Introduction},
  journal = {Intellect Books, Oxford, UK},
  year={1991},
  owner = {philipds},
  timestamp = {2012.03.03}
}

@ARTICLE{CSCWChars,
  author = {Bannon, J. and Schmidt, K.},
  title = {CSCW: Four Characters in Search of a Context},
  year={1989},
  owner = {philipds},
  timestamp = {2012.03.03}
}

@ARTICLE{CSCWGroupware,
  author = {Greenberg, S.},
  title = {Computer-Supported cooperative work and Groupware},
  journal = {Academic Press, London},
  year={1991},
  owner = {philipds},
  timestamp = {2012.03.03}
}

@ARTICLE{CSCWMethodology,
  author = {Gross, T. and R. Traunmuller},
  title = {Methodological Considerations on the Design of Computer-Supported cooperative work},
  journal = {Cybernetics and Systems: An International Journal},
  year={1996},
  volume={27(3)},
  pages = {279-303},
  owner = {philipds},
  timestamp = {2012.03.03}
}

@ARTICLE{CSCWConcepts,
  author = {Koch, M. and T. Gross},
  title = {Computer-Supported Cooperative Work - Concepts and Trends},
  journal = {Proceedings of the 11th Conference of the Association Information and Management},
  year={2006},
  owner = {philipds},
  pages = {165-172},
  timestamp = {2012.03.03}
}

@ARTICLE{CSCLHistory,
  author = {Gerry, S. T. Koschmann and D. Suthers},
  title = {Computer-supported collaborative learning: an historical perspective},
  journal = {Cambridge handbook of the learning sciences},
  year={2006},
  owner = {philipds},
  pages = {409-426},
  timestamp = {2012.03.13}
}

@ARTICLE{DivisionCSCL,
  author = {Roschelle, J. and Teasley, S.},
  title = {The construction of shared knowledge in collaborative problem solving.},
  journal = {Computer Supported Collaborative Learning},
  year = {1995},
  owner = {philipds},
  pages = {69-97},
  timestamp = {2012.03.13}
}

@ARTICLE{DefinitionCSCL,
  author = {Dillenbourg P.},
  title = {What do you mean by "collaborative learning"?},
  journal = {Collaborative learning: cognitive and computational approaches},
  year = {1999a},
  owner = {philipds},
  pages = {1-16},
  timestamp = {2012.03.13}
}

@ARTICLE{JigsawCSCL,
  author = {Hinze U., Bischoff M., Blakowski G.},
  title = {Jigsaw method in the context of CSCL},
  journal = {Proceedings of World Conference on Educational Multimedia, Hypermedia and Telecommunications 2002},
  year = {2002},
  owner = {philipds},
  pages = {789 - 794},
  timestamp = {2012.03.13}
}

@ARTICLE{DesignPatternsColl,
  author = {Guerrero L.A. and Fuller D.A.},
  title = {Jigsaw method in the context of CSCL},
  journal = {Proceedings of World Conference on Educational Multimedia, Hypermedia and Telecommunications 2002},
  year = {2002},
  owner = {philipds},
  pages = {789 - 794},
  timestamp = {2012.03.13}
}

@ARTICLE{MongoDB,
  author = {10gen},
  title = {MongoDB},
  howpublished = "\url{http://www.mongodb.org/}",
  owner = {philipds},
  timestamp = {2012.03.15}
}

@ARTICLE{CollOntology,
  author = {Pattberg J. and Fluegge M.},
  title = {Towards an ontology of collaboration patterns},
  year = {2002},
  owner = {philipds},
  timestamp = {2012.03.13}
}

@comment{jabref-meta: selector_publisher:}

@comment{jabref-meta: selector_author:}

@comment{jabref-meta: selector_journal:}

@comment{jabref-meta: selector_keywords:}

